00595cas a22002291a 4500
001 999289123502836
003 Nz
005 20220131073745.0
008 040105d18641865nz cr ne      0   a0eng d
035    $a (NLNZils)928912
035    $a (Nz)8156598
035    $a (NLNZils)928912-ilsdb
035    $a (OCoLC)1294300628
040    $a WN $c WN
042    $a nznb
043    $a u-nz---
245 00 $a Havelock mail.
260    $a [Havelock, N.Z. : $b s.n., $c 1864-1865]
310    $a Semiweekly
362 0  $a 1864 Jun.1-1865 Mar.
651  0 $a Havelock (N.Z.) $v Newspapers.
655  7 $a New Zealand newspapers. $2 local $5 Nz
